%YAML 1.1
%TAG !u! tag:unity3d.com,2011:
--- !u!1 &671933992701954553
GameObject:
  m_ObjectHideFlags: 0
  m_CorrespondingSourceObject: {fileID: 0}
  m_PrefabInstance: {fileID: 0}
  m_PrefabAsset: {fileID: 0}
  serializedVersion: 6
  m_Component:
  - component: {fileID: 8832103658883144972}
  - component: {fileID: 8953809302968266855}
  m_Layer: 0
  m_Name: Leg_2_Mesh
  m_TagString: Untagged
  m_Icon: {fileID: 0}
  m_NavMeshLayer: 0
  m_StaticEditorFlags: 0
  m_IsActive: 1
--- !u!4 &8832103658883144972
Transform:
  m_ObjectHideFlags: 0
  m_CorrespondingSourceObject: {fileID: 0}
  m_PrefabInstance: {fileID: 0}
  m_PrefabAsset: {fileID: 0}
  m_GameObject: {fileID: 671933992701954553}
  m_LocalRotation: {x: -0.99975145, y: 1.134699e-16, z: -1.1347065e-16, w: 0.022294978}
  m_LocalPosition: {x: 0, y: 2.0900145, z: -3.1418555}
  m_LocalScale: {x: 100, y: 99.99997, z: 99.99997}
  m_Children: []
  m_Father: {fileID: 4608404129465888265}
  m_RootOrder: 0
  m_LocalEulerAnglesHint: {x: 0, y: 0, z: 0}
--- !u!137 &8953809302968266855
SkinnedMeshRenderer:
  m_ObjectHideFlags: 0
  m_CorrespondingSourceObject: {fileID: 0}
  m_PrefabInstance: {fileID: 0}
  m_PrefabAsset: {fileID: 0}
  m_GameObject: {fileID: 671933992701954553}
  m_Enabled: 1
  m_CastShadows: 1
  m_ReceiveShadows: 1
  m_DynamicOccludee: 1
  m_MotionVectors: 1
  m_LightProbeUsage: 1
  m_ReflectionProbeUsage: 1
  m_RayTracingMode: 0
  m_RenderingLayerMask: 1
  m_RendererPriority: 0
  m_Materials:
  - {fileID: 2100000, guid: c92c94b3e782e0246ba246202f71ec60, type: 2}
  m_StaticBatchInfo:
    firstSubMesh: 0
    subMeshCount: 0
  m_StaticBatchRoot: {fileID: 0}
  m_ProbeAnchor: {fileID: 0}
  m_LightProbeVolumeOverride: {fileID: 0}
  m_ScaleInLightmap: 1
  m_ReceiveGI: 1
  m_PreserveUVs: 0
  m_IgnoreNormalsForChartDetection: 0
  m_ImportantGI: 0
  m_StitchLightmapSeams: 1
  m_SelectedEditorRenderState: 3
  m_MinimumChartSize: 4
  m_AutoUVMaxDistance: 0.5
  m_AutoUVMaxAngle: 89
  m_LightmapParameters: {fileID: 0}
  m_SortingLayerID: 0
  m_SortingLayer: 0
  m_SortingOrder: 0
  serializedVersion: 2
  m_Quality: 0
  m_UpdateWhenOffscreen: 0
  m_SkinnedMotionVectors: 1
  m_Mesh: {fileID: -6333308850853113591, guid: 5b303934c7e698e45bde895dd001273a, type: 3}
  m_Bones:
  - {fileID: 9108518854232269172}
  - {fileID: 8582980599773413824}
  m_BlendShapeWeights: []
  m_RootBone: {fileID: 9108518854232269172}
  m_AABB:
    m_Center: {x: 0.0000000013969839, y: 0.009215979, z: 0.00002085534}
    m_Extent: {x: 0.0039619887, y: 0.009425392, z: 0.0040013716}
  m_DirtyAABB: 0
--- !u!1 &764057894266032771
GameObject:
  m_ObjectHideFlags: 0
  m_CorrespondingSourceObject: {fileID: 0}
  m_PrefabInstance: {fileID: 0}
  m_PrefabAsset: {fileID: 0}
  serializedVersion: 6
  m_Component:
  - component: {fileID: 8582980599773413824}
  m_Layer: 0
  m_Name: Bone.001 2
  m_TagString: Untagged
  m_Icon: {fileID: 0}
  m_NavMeshLayer: 0
  m_StaticEditorFlags: 0
  m_IsActive: 1
--- !u!4 &8582980599773413824
Transform:
  m_ObjectHideFlags: 0
  m_CorrespondingSourceObject: {fileID: 0}
  m_PrefabInstance: {fileID: 0}
  m_PrefabAsset: {fileID: 0}
  m_GameObject: {fileID: 764057894266032771}
  m_LocalRotation: {x: -0.05929912, y: -1.427283e-14, z: -0.000000014138014, w: 0.9982403}
  m_LocalPosition: {x: -1.110223e-18, y: 0.008252802, z: 4.6566128e-12}
  m_LocalScale: {x: 1, y: 0.9999999, z: 1}
  m_Children:
  - {fileID: 2008881489398718336}
  m_Father: {fileID: 9108518854232269172}
  m_RootOrder: 0
  m_LocalEulerAnglesHint: {x: 0, y: 0, z: 0}
--- !u!1 &3838786739518963085
GameObject:
  m_ObjectHideFlags: 0
  m_CorrespondingSourceObject: {fileID: 0}
  m_PrefabInstance: {fileID: 0}
  m_PrefabAsset: {fileID: 0}
  serializedVersion: 6
  m_Component:
  - component: {fileID: 2662206680543290147}
  - component: {fileID: 1139329936813291708}
  m_Layer: 0
  m_Name: IK Ground Checker
  m_TagString: Untagged
  m_Icon: {fileID: 0}
  m_NavMeshLayer: 0
  m_StaticEditorFlags: 0
  m_IsActive: 1
--- !u!4 &2662206680543290147
Transform:
  m_ObjectHideFlags: 0
  m_CorrespondingSourceObject: {fileID: 0}
  m_PrefabInstance: {fileID: 0}
  m_PrefabAsset: {fileID: 0}
  m_GameObject: {fileID: 3838786739518963085}
  m_LocalRotation: {x: -0.70693105, y: -0.015764872, z: 0.70693105, w: 0.015764872}
  m_LocalPosition: {x: 0, y: -0.48662972, z: 0.9902921}
  m_LocalScale: {x: 1, y: 1, z: 1}
  m_Children: []
  m_Father: {fileID: 4608404129465888265}
  m_RootOrder: 2
  m_LocalEulerAnglesHint: {x: 0, y: -90, z: 0}
--- !u!114 &1139329936813291708
MonoBehaviour:
  m_ObjectHideFlags: 0
  m_CorrespondingSourceObject: {fileID: 0}
  m_PrefabInstance: {fileID: 0}
  m_PrefabAsset: {fileID: 0}
  m_GameObject: {fileID: 3838786739518963085}
  m_Enabled: 1
  m_EditorHideFlags: 0
  m_Script: {fileID: 11500000, guid: 25e319de6d8f04f41b7c103fee6cf9e5, type: 3}
  m_Name: 
  m_EditorClassIdentifier: 
  _optionalForwardRedirection: {fileID: 0}
--- !u!1 &4608404128707897865
GameObject:
  m_ObjectHideFlags: 0
  m_CorrespondingSourceObject: {fileID: 0}
  m_PrefabInstance: {fileID: 0}
  m_PrefabAsset: {fileID: 0}
  serializedVersion: 6
  m_Component:
  - component: {fileID: 4608404128707897862}
  - component: {fileID: 4608404128707897863}
  m_Layer: 0
  m_Name: IK Pole
  m_TagString: Untagged
  m_Icon: {fileID: 0}
  m_NavMeshLayer: 0
  m_StaticEditorFlags: 0
  m_IsActive: 1
--- !u!4 &4608404128707897862
Transform:
  m_ObjectHideFlags: 0
  m_CorrespondingSourceObject: {fileID: 0}
  m_PrefabInstance: {fileID: 0}
  m_PrefabAsset: {fileID: 0}
  m_GameObject: {fileID: 4608404128707897865}
  m_LocalRotation: {x: -0.99713695, y: 0.00065549184, z: -0.008701904, w: 0.07511172}
  m_LocalPosition: {x: -0, y: -0.0029, z: 0.0166}
  m_LocalScale: {x: 1, y: 1, z: 1}
  m_Children: []
  m_Father: {fileID: 2008881489398718336}
  m_RootOrder: 1
  m_LocalEulerAnglesHint: {x: 0, y: 1, z: 0}
--- !u!114 &4608404128707897863
MonoBehaviour:
  m_ObjectHideFlags: 0
  m_CorrespondingSourceObject: {fileID: 0}
  m_PrefabInstance: {fileID: 0}
  m_PrefabAsset: {fileID: 0}
  m_GameObject: {fileID: 4608404128707897865}
  m_Enabled: 1
  m_EditorHideFlags: 0
  m_Script: {fileID: 11500000, guid: 6a3c3e7a64fa792409044e65df34fac0, type: 3}
  m_Name: 
  m_EditorClassIdentifier: 
  _reparentTo: {fileID: 4608404129465888265}
--- !u!1 &4608404129465888264
GameObject:
  m_ObjectHideFlags: 0
  m_CorrespondingSourceObject: {fileID: 0}
  m_PrefabInstance: {fileID: 0}
  m_PrefabAsset: {fileID: 0}
  serializedVersion: 6
  m_Component:
  - component: {fileID: 4608404129465888265}
  m_Layer: 0
  m_Name: Leg Stage 1
  m_TagString: Untagged
  m_Icon: {fileID: 0}
  m_NavMeshLayer: 0
  m_StaticEditorFlags: 0
  m_IsActive: 1
--- !u!4 &4608404129465888265
Transform:
  m_ObjectHideFlags: 0
  m_CorrespondingSourceObject: {fileID: 0}
  m_PrefabInstance: {fileID: 0}
  m_PrefabAsset: {fileID: 0}
  m_GameObject: {fileID: 4608404129465888264}
  m_LocalRotation: {x: 0.99975145, y: -1.1346992e-16, z: 1.1347064e-16, w: 0.022294896}
  m_LocalPosition: {x: 0, y: 0, z: 0}
  m_LocalScale: {x: 1, y: 1, z: 1}
  m_Children:
  - {fileID: 8832103658883144972}
  - {fileID: 146640551190854255}
  - {fileID: 2662206680543290147}
  m_Father: {fileID: 0}
  m_RootOrder: 0
  m_LocalEulerAnglesHint: {x: 0, y: 0, z: 0}
--- !u!1 &4608404130431889819
GameObject:
  m_ObjectHideFlags: 0
  m_CorrespondingSourceObject: {fileID: 0}
  m_PrefabInstance: {fileID: 0}
  m_PrefabAsset: {fileID: 0}
  serializedVersion: 6
  m_Component:
  - component: {fileID: 4608404130431889816}
  - component: {fileID: 4608404130431889817}
  m_Layer: 0
  m_Name: IK Target
  m_TagString: Untagged
  m_Icon: {fileID: 0}
  m_NavMeshLayer: 0
  m_StaticEditorFlags: 0
  m_IsActive: 1
--- !u!4 &4608404130431889816
Transform:
  m_ObjectHideFlags: 0
  m_CorrespondingSourceObject: {fileID: 0}
  m_PrefabInstance: {fileID: 0}
  m_PrefabAsset: {fileID: 0}
  m_GameObject: {fileID: 4608404130431889819}
  m_LocalRotation: {x: -0.7071068, y: -0, z: 0.7071068, w: 0}
  m_LocalPosition: {x: 0, y: 0, z: 0}
  m_LocalScale: {x: 0.01, y: 0.009999998, z: 0.009999999}
  m_Children: []
  m_Father: {fileID: 2008881489398718336}
  m_RootOrder: 0
  m_LocalEulerAnglesHint: {x: 0, y: -90, z: 180}
--- !u!114 &4608404130431889817
MonoBehaviour:
  m_ObjectHideFlags: 0
  m_CorrespondingSourceObject: {fileID: 0}
  m_PrefabInstance: {fileID: 0}
  m_PrefabAsset: {fileID: 0}
  m_GameObject: {fileID: 4608404130431889819}
  m_Enabled: 1
  m_EditorHideFlags: 0
  m_Script: {fileID: 11500000, guid: 6e1d8747fc3d2e448aecf1018879d794, type: 3}
  m_Name: 
  m_EditorClassIdentifier: 
  _targetGroundChecker: {fileID: 2662206680543290147}
  _reliesOn: {fileID: 0}
  _heightCurve:
    serializedVersion: 2
    m_Curve:
    - serializedVersion: 3
      time: 0
      value: 0
      inSlope: 0.8400242
      outSlope: 0.8400242
      tangentMode: 0
      weightedMode: 0
      inWeight: 0
      outWeight: 0.20215052
    - serializedVersion: 3
      time: 0.5
      value: 0.4
      inSlope: 0.005872369
      outSlope: 0.005872369
      tangentMode: 0
      weightedMode: 0
      inWeight: 0.33333334
      outWeight: 0.33333334
    - serializedVersion: 3
      time: 1
      value: 0
      inSlope: -0.7466875
      outSlope: -0.7466875
      tangentMode: 0
      weightedMode: 0
      inWeight: 0.2021507
      outWeight: 0
    m_PreInfinity: 2
    m_PostInfinity: 2
    m_RotationOrder: 4
  _groundCheckDistance: 2
  _stepOffset: 0.25
  _stepSpeed: 7
  _maxStepDistance: 0.35
  _startInFront: 0
  _detachOnAwake: 1
  _hideInHierarchy: 1
  OnGrounded:
    m_PersistentCalls:
      m_Calls: []
--- !u!1 &4780698710134487185
GameObject:
  m_ObjectHideFlags: 0
  m_CorrespondingSourceObject: {fileID: 0}
  m_PrefabInstance: {fileID: 0}
  m_PrefabAsset: {fileID: 0}
  serializedVersion: 6
  m_Component:
  - component: {fileID: 9108518854232269172}
  m_Layer: 0
  m_Name: Bone 3
  m_TagString: Untagged
  m_Icon: {fileID: 0}
  m_NavMeshLayer: 0
  m_StaticEditorFlags: 0
  m_IsActive: 1
--- !u!4 &9108518854232269172
Transform:
  m_ObjectHideFlags: 0
  m_CorrespondingSourceObject: {fileID: 0}
  m_PrefabInstance: {fileID: 0}
  m_PrefabAsset: {fileID: 0}
  m_GameObject: {fileID: 4780698710134487185}
  m_LocalRotation: {x: 0.70375776, y: 0.00000008469108, z: 0.00000008389447, w: 0.71044}
  m_LocalPosition: {x: -0, y: 0, z: 0}
  m_LocalScale: {x: 1, y: 1, z: 1}
  m_Children:
  - {fileID: 8582980599773413824}
  m_Father: {fileID: 146640551190854255}
  m_RootOrder: 0
  m_LocalEulerAnglesHint: {x: 0, y: 0, z: 0}
--- !u!1 &5411247787907207756
GameObject:
  m_ObjectHideFlags: 0
  m_CorrespondingSourceObject: {fileID: 0}
  m_PrefabInstance: {fileID: 0}
  m_PrefabAsset: {fileID: 0}
  serializedVersion: 6
  m_Component:
  - component: {fileID: 2008881489398718336}
  - component: {fileID: 5411247787907207757}
  m_Layer: 0
  m_Name: Bone.001_end 2
  m_TagString: Untagged
  m_Icon: {fileID: 0}
  m_NavMeshLayer: 0
  m_StaticEditorFlags: 0
  m_IsActive: 1
--- !u!4 &2008881489398718336
Transform:
  m_ObjectHideFlags: 0
  m_CorrespondingSourceObject: {fileID: 0}
  m_PrefabInstance: {fileID: 0}
  m_PrefabAsset: {fileID: 0}
  m_GameObject: {fileID: 5411247787907207756}
  m_LocalRotation: {x: 0, y: -0, z: -0, w: 1}
  m_LocalPosition: {x: -0, y: 0.009532003, z: 0}
  m_LocalScale: {x: 1, y: 1, z: 1}
  m_Children:
  - {fileID: 4608404130431889816}
  - {fileID: 4608404128707897862}
  m_Father: {fileID: 8582980599773413824}
  m_RootOrder: 0
  m_LocalEulerAnglesHint: {x: 0, y: 0, z: 0}
--- !u!114 &5411247787907207757
MonoBehaviour:
  m_ObjectHideFlags: 0
  m_CorrespondingSourceObject: {fileID: 0}
  m_PrefabInstance: {fileID: 0}
  m_PrefabAsset: {fileID: 0}
  m_GameObject: {fileID: 5411247787907207756}
  m_Enabled: 1
  m_EditorHideFlags: 0
  m_Script: {fileID: 11500000, guid: 03ca45bb53dc94f478358a1b6475653d, type: 3}
  m_Name: 
  m_EditorClassIdentifier: 
  ChainLength: 2
  Target: {fileID: 4608404130431889816}
  Pole: {fileID: 0}
  Iterations: 10
  Delta: 0.001
  SnapBackStrength: 1
--- !u!1 &8211090168907520371
GameObject:
  m_ObjectHideFlags: 0
  m_CorrespondingSourceObject: {fileID: 0}
  m_PrefabInstance: {fileID: 0}
  m_PrefabAsset: {fileID: 0}
  serializedVersion: 6
  m_Component:
  - component: {fileID: 146640551190854255}
  m_Layer: 0
  m_Name: Leg_Stage_1_Armature
  m_TagString: Untagged
  m_Icon: {fileID: 0}
  m_NavMeshLayer: 0
  m_StaticEditorFlags: 0
  m_IsActive: 1
--- !u!4 &146640551190854255
Transform:
  m_ObjectHideFlags: 0
  m_CorrespondingSourceObject: {fileID: 0}
  m_PrefabInstance: {fileID: 0}
  m_PrefabAsset: {fileID: 0}
  m_GameObject: {fileID: 8211090168907520371}
  m_LocalRotation: {x: -0, y: -0, z: -0, w: 1}
  m_LocalPosition: {x: 0, y: 0, z: 0}
  m_LocalScale: {x: 100, y: 99.99997, z: 99.99997}
  m_Children:
  - {fileID: 9108518854232269172}
  m_Father: {fileID: 4608404129465888265}
  m_RootOrder: 1
  m_LocalEulerAnglesHint: {x: 0, y: 0, z: 0}
